@incollection{dagan2006pascal,
  title={The PASCAL recognising textual entailment challenge},
  author={Dagan, Ido and Glickman, Oren and Magnini, Bernardo},
  booktitle={Machine learning challenges. evaluating predictive uncertainty, visual object classification, and recognising tectual entailment},
  pages={177--190},
  year={2006},
  publisher={Springer}
},
@inproceedings{maccartney2008phrase,
  title={A phrase-based alignment model for natural language inference},
  author={MacCartney, Bill and Galley, Michel and Manning, Christopher D},
  booktitle={Proceedings of the conference on empirical methods in natural language processing},
  pages={802--811},
  year={2008},
  organization={Association for Computational Linguistics}
},
@article{bowman2015large,
  title={A large annotated corpus for learning natural language inference},
  author={Bowman, Samuel R and Angeli, Gabor and Potts, Christopher and Manning, Christopher D},
  journal={arXiv preprint arXiv:1508.05326},
  year={2015}
},
@inproceedings{maccartney2007natural,
  title={Natural logic for textual inference},
  author={MacCartney, Bill and Manning, Christopher D},
  booktitle={Proceedings of the ACL-PASCAL Workshop on Textual Entailment and Paraphrasing},
  pages={193--200},
  year={2007},
  organization={Association for Computational Linguistics}
},
@techreport{cooper1996using,
  title={Using the framework},
  author={Cooper, Robin and Crouch, Dick and Van Eijck, Jan and Fox, Chris and Van Genabith, Johan and Jaspars, Jan and Kamp, Hans and Milward, David and Pinkal, Manfred and Poesio, Massimo and others},
  year={1996},
  institution={Technical Report LRE 62-051 D-16, The FraCaS Consortium}
},
@inproceedings{bromley1994signature,
  title={Signature verification using a" siamese" time delay neural network},
  author={Bromley, Jane and Guyon, Isabelle and LeCun, Yann and S{\"a}ckinger, Eduard and Shah, Roopak},
  booktitle={Advances in Neural Information Processing Systems},
  pages={737--744},
  year={1994}
},
@article{bowman2016fast,
  title={A fast unified model for parsing and sentence understanding},
  author={Bowman, Samuel R and Gauthier, Jon and Rastogi, Abhinav and Gupta, Raghav and Manning, Christopher D and Potts, Christopher},
  journal={arXiv preprint arXiv:1603.06021},
  year={2016}
},
@article{rocktaschel2015reasoning,
  title={Reasoning about entailment with neural attention},
  author={Rockt{\"a}schel, Tim and Grefenstette, Edward and Hermann, Karl Moritz and Ko{\v{c}}isk{\`y}, Tom{\'a}{\v{s}} and Blunsom, Phil},
  journal={arXiv preprint arXiv:1509.06664},
  year={2015}
},
@article{im2017distance,
  title={Distance-based Self-Attention Network for Natural Language Inference},
  author={Im, Jinbae and Cho, Sungzoon},
  journal={arXiv preprint arXiv:1712.02047},
  year={2017}
},
@article{chen2017natural,
  title={Natural Language Inference with External Knowledge},
  author={Chen, Qian and Zhu, Xiaodan and Ling, Zhen-Hua and Inkpen, Diana},
  journal={arXiv preprint arXiv:1711.04289},
  year={2017}
},
@article{tay2017compare,
  title={A Compare-Propagate Architecture with Alignment Factorization for Natural Language Inference},
  author={Tay, Yi and Tuan, Luu Anh and Hui, Siu Cheung},
  journal={arXiv preprint arXiv:1801.00102},
  year={2017}
},
@article{peters2018deep,
  title={Deep contextualized word representations},
  author={Peters, Matthew E and Neumann, Mark and Iyyer, Mohit and Gardner, Matt and Clark, Christopher and Lee, Kenton and Zettlemoyer, Luke},
  journal={arXiv preprint arXiv:1802.05365},
  year={2018}
},
@article{ghaeini2018dr,
  title={DR-BiLSTM: Dependent Reading Bidirectional LSTM for Natural Language Inference},
  author={Ghaeini, Reza and Hasan, Sadid A and Datla, Vivek and Liu, Joey and Lee, Kathy and Qadir, Ashequl and Ling, Yuan and Prakash, Aaditya and Fern, Xiaoli Z and Farri, Oladimeji},
  journal={arXiv preprint arXiv:1802.05577},
  year={2018}
},
@article{young2014image,
  title={From image descriptions to visual denotations: New similarity metrics for semantic inference over event descriptions},
  author={Young, Peter and Lai, Alice and Hodosh, Micah and Hockenmaier, Julia},
  journal={Transactions of the Association for Computational Linguistics},
  volume={2},
  pages={67--78},
  year={2014}
},
@inproceedings{marelli2014semeval,
  title={Semeval-2014 task 1: Evaluation of compositional distributional semantic models on full sentences through semantic relatedness and textual entailment},
  author={Marelli, Marco and Bentivogli, Luisa and Baroni, Marco and Bernardi, Raffaella and Menini, Stefano and Zamparelli, Roberto},
  booktitle={Proceedings of the 8th international workshop on semantic evaluation (SemEval 2014)},
  pages={1--8},
  year={2014}
},
@article{young2014image,
  title={From image descriptions to visual denotations: New similarity metrics for semantic inference over event descriptions},
  author={Young, Peter and Lai, Alice and Hodosh, Micah and Hockenmaier, Julia},
  journal={Transactions of the Association for Computational Linguistics},
  volume={2},
  pages={67--78},
  year={2014}
},
@article{gong2017natural,
  title={Natural language inference over interaction space},
  author={Gong, Yichen and Luo, Heng and Zhang, Jian},
  journal={arXiv preprint arXiv:1709.04348},
  year={2017}
},
@article{gururangan2018annotation,
  title={Annotation Artifacts in Natural Language Inference Data},
  author={Gururangan, Suchin and Swayamdipta, Swabha and Levy, Omer and Schwartz, Roy and Bowman, Samuel R and Smith, Noah A},
  journal={arXiv preprint arXiv:1803.02324},
  year={2018}
},
@inproceedings{chatzikyriakidis2017overview,
  title={An overview of Natural Language Inference Data Collection: The way forward?},
  author={Chatzikyriakidis, Stergios and Cooper, Robin and Dobnik, Simon and Larsson, Staffan},
  booktitle={Proceedings of the Computing Natural Language Inference Workshop},
  year={2017}
},
@article{williams2017broad,
  title={A broad-coverage challenge corpus for sentence understanding through inference},
  author={Williams, Adina and Nangia, Nikita and Bowman, Samuel R},
  journal={arXiv preprint arXiv:1704.05426},
  year={2017}
},
@inproceedings{ide2006integrating,
  title={Integrating linguistic resources: The american national corpus model},
  author={Ide, Nancy and Suderman, Keith},
  booktitle={Proceedings of the 6th International Conference on Language Resources and Evaluation},
  year={2006},
  organization={Citeseer}
},
@inproceedings{ide2004american,
  title={The American National Corpus First Release.},
  author={Ide, Nancy and Suderman, Keith},
  booktitle={LREC},
  year={2004}
},
@inproceedings{ide2001american,
  title={The american national corpus: A standardized resource of american english},
  author={Ide, Nancy and Macleod, Catherine},
  booktitle={Proceedings of Corpus Linguistics},
  volume={3},
  pages={1--7},
  year={2001},
  organization={Lancaster University Centre for Computer Corpus Research on Language Lancaster, UK}
},
@article{nangia2017repeval,
  title={The repeval 2017 shared task: Multi-genre natural language inference with sentence representations},
  author={Nangia, Nikita and Williams, Adina and Lazaridou, Angeliki and Bowman, Samuel R},
  journal={arXiv preprint arXiv:1707.08172},
  year={2017}
},
@article{nie2017shortcut,
  title={Shortcut-stacked sentence encoders for multi-domain inference},
  author={Nie, Yixin and Bansal, Mohit},
  journal={arXiv preprint arXiv:1708.02312},
  year={2017}
},
@article{chen2017recurrent,
  title={Recurrent neural network-based sentence encoder with gated attention for natural language inference},
  author={Chen, Qian and Zhu, Xiaodan and Ling, Zhen-Hua and Wei, Si and Jiang, Hui and Inkpen, Diana},
  journal={arXiv preprint arXiv:1708.01353},
  year={2017}
},
@article{balazs2017refining,
  title={Refining raw sentence representations for textual entailment recognition via attention},
  author={Balazs, Jorge A and Marrese-Taylor, Edison and Loyola, Pablo and Matsuo, Yutaka},
  journal={arXiv preprint arXiv:1707.03103},
  year={2017}
},
@article{yang2017character,
  title={Character-level Intra Attention Network for Natural Language Inference},
  author={Yang, Han and Costa-juss{\`a}, Marta R and Fonollosa, Jos{\'e} AR},
  journal={arXiv preprint arXiv:1707.07469},
  year={2017}
},
@inproceedings{scitail,
Author = {Tushar Khot and Ashish Sabharwal and Peter Clark},
     Booktitle = {AAAI},
     Title = {{SciTail}: A Textual Entailment Dataset from Science Question Answering},
     Year = {2018}
},
@article{welbl2017crowdsourcing,
  title={Crowdsourcing multiple choice science questions},
  author={Welbl, Johannes and Liu, Nelson F and Gardner, Matt},
  journal={arXiv preprint arXiv:1707.06209},
  year={2017}
},
@inproceedings{clark2016combining,
  title={Combining Retrieval, Statistics, and Inference to Answer Elementary Science Questions.},
  author={Clark, Peter and Etzioni, Oren and Khot, Tushar and Sabharwal, Ashish and Tafjord, Oyvind and Turney, Peter D and Khashabi, Daniel},
  booktitle={AAAI},
  pages={2580--2586},
  year={2016}
},
@inproceedings{bos2005recognising,
  title={Recognising textual entailment with logical inference},
  author={Bos, Johan and Markert, Katja},
  booktitle={Proceedings of the conference on Human Language Technology and Empirical Methods in Natural Language Processing},
  pages={628--635},
  year={2005},
  organization={Association for Computational Linguistics}
},
@inproceedings{tatu2005semantic,
  title={A semantic approach to recognizing textual entailment},
  author={Tatu, Marta and Moldovan, Dan},
  booktitle={Proceedings of the conference on Human Language Technology and Empirical Methods in Natural Language Processing},
  pages={371--378},
  year={2005},
  organization={Association for Computational Linguistics}
},
@article{bengio2013representation,
  title={Representation learning: A review and new perspectives},
  author={Bengio, Yoshua and Courville, Aaron and Vincent, Pascal},
  journal={IEEE transactions on pattern analysis and machine intelligence},
  volume={35},
  number={8},
  pages={1798--1828},
  year={2013},
  publisher={IEEE}
},
@inproceedings{mikolov2013distributed,
  title={Distributed representations of words and phrases and their compositionality},
  author={Mikolov, Tomas and Sutskever, Ilya and Chen, Kai and Corrado, Greg S and Dean, Jeff},
  booktitle={Advances in neural information processing systems},
  pages={3111--3119},
  year={2013}
},
@inproceedings{pennington2014glove,
  title={Glove: Global vectors for word representation},
  author={Pennington, Jeffrey and Socher, Richard and Manning, Christopher},
  booktitle={Proceedings of the 2014 conference on empirical methods in natural language processing (EMNLP)},
  pages={1532--1543},
  year={2014}
},
@article{faruqui2014retrofitting,
  title={Retrofitting word vectors to semantic lexicons},
  author={Faruqui, Manaal and Dodge, Jesse and Jauhar, Sujay K and Dyer, Chris and Hovy, Eduard and Smith, Noah A},
  journal={arXiv preprint arXiv:1411.4166},
  year={2014}
},
@article{celikyilmaz2010enriching,
  title={Enriching word embeddings using knowledge graph for semantic tagging in conversational dialog systems},
  author={Celikyilmaz, Asli and Hakkani-Tur, Dilek and Pasupat, Panupong and Sarikaya, Ruhi},
  journal={genre},
  year={2010}
},
@article{vulic2017morph,
  title={Morph-fitting: Fine-tuning word vector spaces with simple language-specific rules},
  author={Vuli{\'c}, Ivan and Mrk{\v{s}}i{\'c}, Nikola and Reichart, Roi and S{\'e}aghdha, Diarmuid {\'O} and Young, Steve and Korhonen, Anna},
  journal={arXiv preprint arXiv:1706.00377},
  year={2017}
},
@article{2009recognizing,
  title={Recognizing textual entailment: Rational, evaluation and approaches},
  author={Dagan, Ido and Dolan, Bill and Magnini, Bernardo and Roth, Dan},
  journal={Natural Language Engineering},
  volume={15},
  number={4},
  pages={i--xvii},
  year={2009},
  publisher={Cambridge University Press}
},
@inproceedings{bos2005recognising,
  title={Recognising textual entailment with logical inference},
  author={Bos, Johan and Markert, Katja},
  booktitle={Proceedings of the conference on Human Language Technology and Empirical Methods in Natural Language Processing},
  pages={628--635},
  year={2005},
  organization={Association for Computational Linguistics}
},
@book{murphy2003semantic,
  title={Semantic relations and the lexicon: Antonymy, synonymy and other paradigms},
  author={Murphy, M Lynne},
  year={2003},
  publisher={Cambridge University Press}
},
@book{Jurafsky2008May,
	author = {Jurafsky, Daniel and Martin, James H.},
	title = {{Speech and Language Processing, 2nd Edition}},
	year = {2008},
	month = {May},
	isbn = {978-013187321-6},
	publisher = {Prentice Hall}
},
@article{hochreiter1997long,
  title={Long short-term memory},
  author={Hochreiter, Sepp and Schmidhuber, J{\"u}rgen},
  journal={Neural computation},
  volume={9},
  number={8},
  pages={1735--1780},
  year={1997},
  publisher={MIT Press}
},
@article{graves2005framewise,
  title={Framewise phoneme classification with bidirectional LSTM and other neural network architectures},
  author={Graves, Alex and Schmidhuber, J{\"u}rgen},
  journal={Neural Networks},
  volume={18},
  number={5-6},
  pages={602--610},
  year={2005},
  publisher={Elsevier}
},
@article{mou2015natural,
  title={Natural language inference by tree-based convolution and heuristic matching},
  author={Mou, Lili and Men, Rui and Li, Ge and Xu, Yan and Zhang, Lu and Yan, Rui and Jin, Zhi},
  journal={arXiv preprint arXiv:1512.08422},
  year={2015}
},
@article{kingma2014adam,
  title={Adam: A method for stochastic optimization},
  author={Kingma, Diederik P and Ba, Jimmy},
  journal={arXiv preprint arXiv:1412.6980},
  year={2014}
},
@inproceedings{munkhdalai2017neural,
  title={Neural semantic encoders},
  author={Munkhdalai, Tsendsuren and Yu, Hong},
  booktitle={Proceedings of the conference. Association for Computational Linguistics. Meeting},
  volume={1},
  pages={397},
  year={2017},
  organization={NIH Public Access}
},
@article{chen2017recurrent,
  title={Recurrent neural network-based sentence encoder with gated attention for natural language inference},
  author={Chen, Qian and Zhu, Xiaodan and Ling, Zhen-Hua and Wei, Si and Jiang, Hui and Inkpen, Diana},
  journal={arXiv preprint arXiv:1708.01353},
  year={2017}
},
@article{shen2018reinforced,
  title={Reinforced Self-Attention Network: a Hybrid of Hard and Soft Attention for Sequence Modeling},
  author={Shen, Tao and Zhou, Tianyi and Long, Guodong and Jiang, Jing and Wang, Sen and Zhang, Chengqi},
  journal={arXiv preprint arXiv:1801.10296},
  year={2018}
},
@article{im2017distance,
  title={Distance-based Self-Attention Network for Natural Language Inference},
  author={Im, Jinbae and Cho, Sungzoon},
  journal={arXiv preprint arXiv:1712.02047},
  year={2017}
},
@article{cheng2016long,
  title={Long short-term memory-networks for machine reading},
  author={Cheng, Jianpeng and Dong, Li and Lapata, Mirella},
  journal={arXiv preprint arXiv:1601.06733},
  year={2016}
},
@article{parikh2016decomposable,
  title={A decomposable attention model for natural language inference},
  author={Parikh, Ankur P and T{\"a}ckstr{\"o}m, Oscar and Das, Dipanjan and Uszkoreit, Jakob},
  journal={arXiv preprint arXiv:1606.01933},
  year={2016}
},
@article{wang2017bilateral,
  title={Bilateral multi-perspective matching for natural language sentences},
  author={Wang, Zhiguo and Hamza, Wael and Florian, Radu},
  journal={arXiv preprint arXiv:1702.03814},
  year={2017}
},
@inproceedings{sha2016reading,
  title={Reading and thinking: Re-read LSTM unit for textual entailment recognition},
  author={Sha, Lei and Chang, Baobao and Sui, Zhifang and Li, Sujian},
  booktitle={Proceedings of COLING 2016, the 26th International Conference on Computational Linguistics: Technical Papers},
  pages={2870--2879},
  year={2016}
},
@inproceedings{chen2017enhanced,
  title={Enhanced lstm for natural language inference},
  author={Chen, Qian and Zhu, Xiaodan and Ling, Zhen-Hua and Wei, Si and Jiang, Hui and Inkpen, Diana},
  booktitle={Proceedings of the 55th Annual Meeting of the Association for Computational Linguistics (Volume 1: Long Papers)},
  volume={1},
  pages={1657--1668},
  year={2017}
},
@article{chen2017natural,
  title={Natural Language Inference with External Knowledge},
  author={Chen, Qian and Zhu, Xiaodan and Ling, Zhen-Hua and Inkpen, Diana},
  journal={arXiv preprint arXiv:1711.04289},
  year={2017}
},
@article{miller1995wordnet,
  title={WordNet: a lexical database for English},
  author={Miller, George A},
  journal={Communications of the ACM},
  volume={38},
  number={11},
  pages={39--41},
  year={1995},
  publisher={ACM}
},
@article{levy2015improving,
  title={Improving distributional similarity with lessons learned from word embeddings},
  author={Levy, Omer and Goldberg, Yoav and Dagan, Ido},
  journal={Transactions of the Association for Computational Linguistics},
  volume={3},
  pages={211--225},
  year={2015}
},
@inproceedings{rubinstein2015well,
  title={How well do distributional models capture different types of semantic knowledge?},
  author={Rubinstein, Dana and Levi, Effi and Schwartz, Roy and Rappoport, Ari},
  booktitle={Proceedings of the 53rd Annual Meeting of the Association for Computational Linguistics and the 7th International Joint Conference on Natural Language Processing (Volume 2: Short Papers)},
  volume={2},
  pages={726--730},
  year={2015}
},
@inproceedings{liu2015learning,
  title={Learning semantic word embeddings based on ordinal knowledge constraints},
  author={Liu, Quan and Jiang, Hui and Wei, Si and Ling, Zhen-Hua and Hu, Yu},
  booktitle={Proceedings of the 53rd Annual Meeting of the Association for Computational Linguistics and the 7th International Joint Conference on Natural Language Processing (Volume 1: Long Papers)},
  volume={1},
  pages={1501--1511},
  year={2015}
},
@inproceedings{gormley2015improved,
  title={Improved Relation Extraction with Feature-Rich Compositional Embedding Models},
  author={Gormley, Matthew R and Yu, Mo and Dredze, Mark},
  booktitle={Proceedings of the 2015 Conference on Empirical Methods in Natural Language Processing},
  pages={1774--1784},
  year={2015}
},
@inproceedings{iacobacci2015sensembed,
  title={Sensembed: Learning sense embeddings for word and relational similarity},
  author={Iacobacci, Ignacio and Pilehvar, Mohammad Taher and Navigli, Roberto},
  booktitle={Proceedings of the 53rd Annual Meeting of the Association for Computational Linguistics and the 7th International Joint Conference on Natural Language Processing (Volume 1: Long Papers)},
  volume={1},
  pages={95--105},
  year={2015}
},
@inproceedings{rothe2015autoextend,
  title={AutoExtend: Extending Word Embeddings to Embeddings for Synsets and Lexemes},
  author={Rothe, Sascha and Sch{\"u}tze, Hinrich},
  booktitle={Proceedings of the 53rd Annual Meeting of the Association for Computational Linguistics and the 7th International Joint Conference on Natural Language Processing (Volume 1: Long Papers)},
  volume={1},
  pages={1793--1803},
  year={2015}
},
@inproceedings{toutanova2015representing,
  title={Representing text for joint embedding of text and knowledge bases},
  author={Toutanova, Kristina and Chen, Danqi and Pantel, Patrick and Poon, Hoifung and Choudhury, Pallavi and Gamon, Michael},
  booktitle={Proceedings of the 2015 Conference on Empirical Methods in Natural Language Processing},
  pages={1499--1509},
  year={2015}
},
@inproceedings{zhong2015aligning,
  title={Aligning knowledge and text embeddings by entity descriptions},
  author={Zhong, Huaping and Zhang, Jianwen and Wang, Zhen and Wan, Hai and Chen, Zheng},
  booktitle={Proceedings of the 2015 Conference on Empirical Methods in Natural Language Processing},
  pages={267--272},
  year={2015}
},
@inproceedings{resnik1995using,
  title={Using information content to evaluate semantic similarity in a taxonomy},
  author={Resnik, Philip},
  booktitle={Proceedings of the 14th international joint conference on Artificial intelligence-Volume 1},
  pages={448--453},
  year={1995},
  organization={Morgan Kaufmann Publishers Inc.}
},
@article{prakash2007learning,
  title={Learning to Merge Word Senses},
  author={Prakash, Rion Snow Sushant and Jurafsky, Daniel and Ng, Andrew Y},
  journal={EMNLP-CoNLL 2007},
  pages={1005},
  year={2007}
},
@inproceedings{zesch2008extracting,
  title={Extracting Lexical Semantic Knowledge from Wikipedia and Wiktionary.},
  author={Zesch, Torsten and M{\"u}ller, Christof and Gurevych, Iryna},
  booktitle={LREC},
  volume={8},
  number={2008},
  pages={1646--1652},
  year={2008}
},
@article{gurevych2016linked,
  title={Linked lexical knowledge bases: Foundations and applications},
  author={Gurevych, Iryna and Eckle-Kohler, Judith and Matuschek, Michael},
  journal={Synthesis Lectures on Human Language Technologies},
  volume={9},
  number={3},
  pages={1--146},
  year={2016},
  publisher={Morgan \& Claypool Publishers}
},
@inproceedings{suchanek2007yago,
  title={Yago: a core of semantic knowledge},
  author={Suchanek, Fabian M and Kasneci, Gjergji and Weikum, Gerhard},
  booktitle={Proceedings of the 16th international conference on World Wide Web},
  pages={697--706},
  year={2007},
  organization={ACM}
},
@inproceedings{gurevych2012uby,
  title={Uby: A large-scale unified lexical-semantic resource based on LMF},
  author={Gurevych, Iryna and Eckle-Kohler, Judith and Hartmann, Silvana and Matuschek, Michael and Meyer, Christian M and Wirth, Christian},
  booktitle={Proceedings of the 13th Conference of the European Chapter of the Association for Computational Linguistics},
  pages={580--590},
  year={2012},
  organization={Association for Computational Linguistics}
},
@inproceedings{mccarthy2004using,
  title={Using automatically acquired predominant senses for word sense disambiguation},
  author={McCarthy, Diana and Koeling, Rob and Weeds, Julie and Carroll, John},
  booktitle={Proceedings of SENSEVAL-3, the Third International Workshop on the Evaluation of Systems for the Semantic Analysis of Text},
  year={2004}
},
@inproceedings{faruqui2015retrofitting,
  title={Retrofitting Word Vectors to Semantic Lexicons},
  author={Faruqui, Manaal and Dodge, Jesse and Jauhar, Sujay Kumar and Dyer, Chris and Hovy, Eduard and Smith, Noah A},
  booktitle={Proceedings of the 2015 Conference of the North American Chapter of the Association for Computational Linguistics: Human Language Technologies},
  pages={1606--1615},
  year={2015}
},
@inproceedings{xu2014rc,
  title={Rc-net: A general framework for incorporating knowledge into word representations},
  author={Xu, Chang and Bai, Yalong and Bian, Jiang and Gao, Bin and Wang, Gang and Liu, Xiaoguang and Liu, Tie-Yan},
  booktitle={Proceedings of the 23rd ACM International Conference on Conference on Information and Knowledge Management},
  pages={1219--1228},
  year={2014},
  organization={ACM}
},
@article{mrkvsic2017semantic,
  title={Semantic Specialization of Distributional Word Vector Spaces using Monolingual and Cross-Lingual Constraints},
  author={Mrk{\v{s}}i{\'c}, Nikola and Vuli{\'c}, Ivan and S{\'e}aghdha, Diarmuid {\'O} and Leviant, Ira and Reichart, Roi and Ga{\v{s}}i{\'c}, Milica and Korhonen, Anna and Young, Steve},
  journal={Transactions of the Association of Computational Linguistics},
  volume={5},
  number={1},
  pages={309--324},
  year={2017}
},
@article{vulic2017specialising,
  title={Specialising word vectors for lexical entailment},
  author={Vuli{\'c}, Ivan and Mrk{\v{s}}i{\'c}, Nikola},
  journal={arXiv preprint arXiv:1710.06371},
  year={2017}
},
@article{ruckle2018concatenated,
  title={Concatenated $ p $-mean Word Embeddings as Universal Cross-Lingual Sentence Representations},
  author={R{\"u}ckl{\'e}, Andreas and Eger, Steffen and Peyrard, Maxime and Gurevych, Iryna},
  journal={arXiv preprint arXiv:1803.01400},
  year={2018}
},
@inproceedings{hu2016deep,
  title={Deep neural networks with massive learned knowledge},
  author={Hu, Zhiting and Yang, Zichao and Salakhutdinov, Ruslan and Xing, Eric},
  booktitle={Proceedings of the 2016 Conference on Empirical Methods in Natural Language Processing},
  pages={1670--1679},
  year={2016}
},
@book{goldberg2017Apr,
	author = {Goldberg, Yoav},
	title = {{Neural Network Methods in Natural Language Processing (Synthesis Lectures on Human Language Technologies, Band 37)}},
	year = {2017},
	month = {Apr},
	isbn = {978-162705298-6},
	publisher = {Morgan {\&} Claypool Publishers}
}





































































